@Book{Lam92,
author = {Lamport, L.},
title = {LaTeX system przygotowywania dokumentów},
publisher = {Wydawnictwo Ariel},
year = {1992},
address = {Kraków},

langid = {polish},
}

@Book{Dil00,
author = {Diller, A.},
title = {LaTeX wiersz po wierszu},
publisher = {Wydawnictwo Helion},
year = {2000},
address = {Gliwice},

langid = {polish},
}


@Manual{ARM06,
title = {Ada Reference Manual {ISO}/{IEC} 8652:200y({E}) {E}d. 3},
organization = {Ada Europe},
year = {2006}
}

@Article{BuDo03,
author = {Burns, A. and Dobbing, B.},
title = {The {R}avenscar {P}rofile for Real--Time and High Integrity Systems},
journal = {Cross{T}alk},
year = {2003},
volume = {16},
number = {11},
pages = {9--12}
}



@InProceedings{PeDa04,
author = {Peleska, J. and Große, D. and Haxthausen, A. E. and Drechsler, R.},
title = {Automated Verification for Train Control Systems},
booktitle = {Proc. of the 5th Symposium on Formal Methods for Automation and Safety in Railway and Automotive Systems (FORMS/FORMAT 2004)},
year = {2004},
pages = {252--265},
address = {Braunschweig, Germany},
month = {December}
}

@TechReport{BuDoVa03,
author = {Burns, A. and Dobbing, B. and Vardanega, T.},
title = {Guide for the Use of the Ada Ravenscar Profile in High Integrity Systems},
institution = {University of York},
year = {2003},
number = {YCS-2003-348}
}



@manual{Alvis2011,
	organization = {AGH University of Science and Technology},
	year = {2011},
	title = {{On Line Alvis Manual}},
	note = {\\\texttt{http://fm.ia.agh.edu.pl/alvis:manual}},
	author = {Szpyrka, M.},

	langid = {english}
}

@manual{video_codecs,
	year = {2018},
	title = {{On Line Alvis Manual}},
	note = {\\\texttt{https://video.ibm.com/blog/streaming-video-tips/what-is-video-encoding-codecs-compression-techniques/}},
	author = {Anthony Romero},

	langid = {english}
}

@manual{prediction,
	year = {2019},
	title = {{Forecast and Trends 2017-2022}},
	note = {\\\texttt{https://www.cisco.com/c/en/us/solutions/collateral/service-provider/visual-networking-index-vni/white-paper-c11-741490.html}},
	author = {Cisco},
	langid = {english}
}
@manual{blockiness,
	year = {2010},
	title = {{Frequency domain blockiness measurement for image quality assessment, Introduction}},
	note = {\\\texttt{https://ieeexplore.ieee.org/document/5645871}},
	author = {M.T. Qadri, K.T. Tan,  M. Ghanbari},
	langid = {english}
}
@manual{agh_vqm,
	year = {9999},
	title = {{Video Quality Indicators}},
	note = {\\\texttt{http://vq.kt.agh.edu.pl/index.html}},
	author = {AGH, IEiT, Katedra Telekomunikacjii},
	langid = {english}
}

@TechReport{vqm,
author = {Christian Keimel},
title = {Design of Video Quality Metrics with Multi-Way Data Analysis: A data driven approach},
year = {2016},
pages = {31--32},
month = {December}
}

%Shreeya Sengupta,  Hui Wang, William Blackburn, Piyush Ojha
@TechReport{spactial_act,
author = {Shreeya Sengupta,  Hui Wang, William Blackburn },
title = {Spatial information in classification of activity videos},
institution = {School of Computing and Mathematics, University Of Ulster},
year = {2015},
}
@manual{letterboxing,
	year = {2000},
	title = {16:9 aspect ratio conversion by letterbox method for an MPEG image}},
	note = {\\\texttt{https://patents.google.com/patent/US6115072}},
	author = {Bao Vuong, Candace Anderson },
	langid = {english}
}
%P. Marziliano,  F. Dufaux, S. Winkler, T. Ebrahimi
@manual{blur,
	year = {2002},
	title = {{A no-reference perceptual blur metric}},
	note = {\\\texttt{https://ieeexplore.ieee.org/document/5645871}},
	author = {P. Marziliano,  F. Dufaux, S. Winkler},
	langid = {english}
}
@manual{blackout,
	year = {2011},
	title = {{A brief synthesis of QoS-QoE methodologies}},
	note = {\\\texttt{https://ieeexplore.ieee.org/document/5898880}},
	author = {Hala Rifaï, Samer Mohammed, Abdelhamid Mellouki},
	langid = {english}
}
%Mikołaj LeszczukEmail authorMateusz HanusiakMylène C. Q. FariasEmmanuel WyckensGeorge Heston
@manual{freezing,
	year = {2014},
	title = {{Recent developments in visual quality monitoring by key performance indicators}},
	note = {Video artefacts and related key performance indicators for automated quality checking},
	author = {Mikołaj Leszczuk, Mateusz Hanusiak, Mylène C. Q. Farias},
	langid = {english}
}




















